@Mastersthesis{halas03,
  key = "booklet:halas",
  author =	{Bernard Halás},
  title =	{{Návrh simulácie bezdrôtovej siete ZigBee 802.15.4 pomocou simulačného systému OMNeT++}},
  year =	{2003},
  note =	{In Slovak},
}

@Patent{ieee03,
  key = "specification:ieee03",
  author =	{{IEEE Computer Society}},
  title =	{Wireless Medium Access Control and Physical Layer Specifications for Low-Rate Wireless Personal Area Networks},
  edition =	{2003},
  month =	{Oct},
  year =	{2003},
}

@Patent{ieee06,
  key = "specification:ieee08",
  author =	{{IEEE Computer Society}},
  title =	{Wireless Medium Access Control and Physical Layer Specifications for Low-Rate Wireless Personal Area Networks},
  edition =	{2006},
  month =	{Sep},
  year =	{2006},
}

@Patent{zigbee08,
  key = "specification:zigbee",
  author =	{{ZigBee Alliance, Inc.}},
  title =	{ZigBee Specification},
  address =	{2400 Camino Ramon, San Ramon, CA 94583},
  edition =	{053474r17},
  institution =	{ZigBee Standards Organization, Inc.},
  month =	{Jan},
  year =	{2008},
}

@Misc{CSTUG,
  key = "web:cstug",
  author =       {},
  title =        {{CSTUG} --- {\CS}{\TeX} {U}sers {G}roup --- hlavní stránka},
  note =         {\\ \verb|http://www.cstug.cz/|},
  year =         {},
}

@Misc{latexdocweb,
  key = "web:latexdocweb",
  author =       {},
  title =        {{\LaTeX} --- online manuál},
  note =         {\\ \verb|http://www.cstug.cz/latex/lm/frames.html|},
  year =         {},
}


@Misc{infodp,
  key = "web:infodp",
  author =       {},
  title =        {{K336} {I}nfo --- pokyny pro psaní diplomových prací},
  note =         {\\ \verb|https://info336.felk.cvut.cz/clanek.php?id=400|},
  year =         {},
}

@Misc{infobp,
  key = "web:infobp",
  author =       {},
  title =        {{K336} {I}nfo --- pokyny pro psaní bakalářských prací},
  note =         {\\ \verb|https://info336.felk.cvut.cz/clanek.php?id=504|},
  year =         {},
}

%
@Misc{ipe,
  key = "web:ipe",
  author =       {},
  title =        {Grafický vektorový editor pro práce vhodný pro práci {\LaTeX}em},
  note =         {\\ \verb|http://tclab.kaist.ac.kr/ipe/|},
  year =         {},
}

@Misc{info,
  key = "web:info",
  author =       {},
  title =        {{K336} {I}nfo},
  note =         {\\ \verb|  http://info336.felk.cvut.cz|},
  year =         {},
}

@Misc{latexutf,
  key = "web:latexutf",
  author =       {},
  title =        {Wiki Books {\LaTeX}/{I}nternationalization},
  note =         {\\ \verb|http://en.wikibooks.org/wiki/LaTeX/Internationalization|},
  year =         {},
}


@Misc{latexwiki,
  key = "web:latexwiki",
  author =       {},
  title =        {Wiki Books {\LaTeX}},
  note =         {\\ \verb|http://en.wikibooks.org/wiki/LaTeX/|},
  year =         {},
}


@Misc{dp_jcu,
  key = "web:dpjcu",
  author =       {},
  title =        {Pokyny pro psaní {DP} na {JČU}},
  note =         {\\ \verb|http://home.pf.jcu.cz/~edpo/pravidla/pravidla.html|},
  year =         {},
}

@Misc{dp_mendel,
  key = "web:dpmendel",
  author =       {},
  title =        {Pokyny pro psaní {DP} na {M}endelově univerzitě v {B}rně},
  note =         {\\ \verb|http://old.mendelu.cz/~rybicka/zpract/#diplomky|},
  year =         {},
}

@Book{kniha,
  author =       {J. Žára and B. Beneš and P. Felkel},
  title =        {Moderní počítačová grafika},
  publisher =    {Computer Press s.r.o, Brno},
  edition =      {1st},
  year =         1998,
  note =	{In Czech},
}

@Article{clanek,
  author =       {P. Slavík},
  title =        {{Grammars and Rewriting Systems as Models for Graphical User Interfaces}},
  journal =      {Cognitive Systems},
  pages =        {381--399},
  volume =       {4-3},
  number =       4,
  year =         1997,
}

@InProceedings{sbornik,
  author = 	  {{M. Haindl, Š. Kment,  P. Slavík}},
  title = 	  {{Virtual Information Systems}},
  booktitle =     {WSCG'2000 --- Short communication papers},
  year =	  {2000},
  pages =	  {22--27},
  publisher =     {University of West Bohemia, Pilsen},
}

@Misc{www,
  key = "web:infogs",
  author =       {},
  title =        {{Knihovna Grafické skupiny}},
  note =         {\\ \verb|http://www.cgg.cvut.cz/Bib/library/|},
  year =         {},
}